@Book{xie2015,
  title = {Dynamic Documents with {R} and knitr},
  author = {Yihui Xie},
  publisher = {Chapman and Hall/CRC},
  address = {Boca Raton, Florida},
  year = {2015},
  edition = {2nd},
  note = {ISBN 978-1498716963},
  url = {http://yihui.name/knitr/},
}

@online{LinearMod,
  title = {Linear model},
  organization = {Wikipedia},
  urldate = {2021-05-31},
  url = {https://en.wikipedia.org/wiki/Linear_model}}

@online{ANOVA,
  title = {Analysis of variance},
  organization = {Wikipedia},
  urldate = {2021-06-09},
  url = {https://en.wikipedia.org/wiki/Analysis_of_variance}}

@online{EVE,
  title = {Law of total variance},
  organization = {Wikipedia},
  urldate = {2021-06-09},
  url = {https://en.wikipedia.org/wiki/Law_of_total_variance}}

@online{EVE-intuition,
  title = {Law of total variance intuition},
  organization = {Mathematics StackExchange},
  urldate = {2021-06-10},
  url = {https://math.stackexchange.com/a/3377007}}

@online{expected_val,
  title = {Expected value},
  organization = {Wikipedia},
  urldate = {2021-06-14},
  url = {https://en.wikipedia.org/wiki/Expected_value#Finite_case}}

@online{conditional_expected_val1,
  title = {L09.2 Conditioning A Continuous Random Variable on an Event},
  organization = {MIT OpenCourseWare},
  urldate = {2021-06-14},
  url = {https://www.youtube.com/watch?v=mHj4A1gh_ws}}

@book{conditional_expected_val2,
  author = {Casella, George and Berger, Roger L.},
  publisher = {Brooks/Cole Cengage Learning},
  title = {Statistical Inference},
  edition = {2},
  pages = {150}}

@online{variance,
  title = {Variance},
  organization = {Wikipedia},
  urldate = {2021-06-11},
  url = {https://en.wikipedia.org/wiki/Variance#Population_variance}}

@online{partition_of_SS,
  title = {Partition of sums of squares},
  organization = {Wikipedia},
  urldate = {2021-06-11},
  url = {https://en.wikipedia.org/wiki/Partition_of_sums_of_squares}}

@online{MS-Interpretation,
  title = {ANOVA: What is estimated by the Mean Squares?},
  organization = {CrossValidated},
  urldate = {2021-06-18},
  url = {https://stats.stackexchange.com/questions/229649/anova-what-is-estimated-by-the-mean-squares}}

@online{ANOVA-on-matrices,
  title = {6. ANalysis Of VAriance (ANOVA)},
  organization = {GitHub},
  urldate = {2021-06-18},
  url = {https://dnett.github.io/S510/06ANOVA.pdf}}

@online{stat-model,
  title = {Statistical Model},
  organization = {Wikipedia},
  urldate = {2021-06-19},
  url = {https://en.wikipedia.org/wiki/Statistical_model}}

@online{math-model,
  title = {Mathematical model},
  organization = {Wikipedia},
  urldate = {2021-07-06},
  url = {https://en.wikipedia.org/wiki/Mathematical_model}}

@online{F-test,
  title = {F-test},
  organization = {Wikipedia},
  urldate = {2021-06-19},
  url = {https://en.wikipedia.org/wiki/F-test}}

@online{regression-analysis,
  title = {Regression analysis},
  organization = {Wikipedia},
  urldate = {2021-06-19},
  url = {https://en.wikipedia.org/wiki/Regression_analysis}}

@online{F-test-regress,
  title = {F-tests and Nested Models},
  organization = {Rose-Hulman Institute of Technology},
  urldate = {2021-06-19},
  url = {https://www.rose-hulman.edu/class/ma/inlow/Math485/ftests.pdf}}
